@inproceedings{Sadeghi2017,
  author    = {Farbod Sadeghi and Sergey Levine},
  title     = {CAD2RL: Real Single-Image Flight Without a Single Real Image},
  booktitle = {Proceedings of Robotics: Science and Systems (RSS)},
  year      = {2017}
}

@inproceedings{Tobin2017,
  author    = {Josh Tobin and Rachel Fong and Alex Ray and Jonas Schneider and Wojciech Zaremba and Pieter Abbeel},
  title     = {Domain Randomization for Transferring Deep Neural Networks from Simulation to the Real World},
  booktitle = {Proceedings of IEEE/RSJ International Conference on Intelligent Robots and Systems (IROS)},
  year      = {2017}
}

@article{Akkaya2019,
  author    = {OpenAI and Ilge Akkaya and Marcin Andrychowicz and Maciek Chociej and Mateusz Litwin and Bob McGrew and Arthur Petron and Alex Paino and Matthias Plappert and Glenn Powell and Raphael Ribas and Jonas Schneider and Nikolas Tezak and Jerry Tworek and Peter Welinder and Lilian Weng and Qiming Yuan and Wojciech Zaremba and Lei Zhang},
  title     = {Solving Rubikâ€™s Cube with a Robot Hand},
  journal   = {CoRR},
  volume    = {abs/1910.07113},
  year      = {2019}
}

@inproceedings{Tan2018,
  author    = {Jie Tan and Tingnan Zhang and Eric Coumans and Atil Iscen and Yunfei Bai and Danijar Hafner and Steven Bohez and Vincent Vanhoucke},
  title     = {Sim-to-Real: Learning Agile Locomotion For Quadruped Robots},
  booktitle = {Proceedings of Robotics: Science and Systems (RSS)},
  year      = {2018}
}

@inproceedings{Ren2023,
  author    = {Andy Ren and Huan Dai and Benjamin Burchfiel and Anirudha Majumdar},
  title     = {AdaptSim: Task-Driven Simulation Adaptation for Sim-to-Real Transfer},
  booktitle = {Proceedings of the Conference on Robot Learning (CoRL)},
  year      = {2023}
}

@inproceedings{Chebotar2019,
  author    = {Yevgen Chebotar and Ankur Handa and Karol Hausman and Stefan Schaal and Gaurav S. Sukhatme and Oliver Kroemer},
  title     = {Closing the Sim-to-Real Loop: Adapting Simulation Randomization with Real World Experience},
  booktitle = {Proceedings of International Conference on Robotics and Automation (ICRA)},
  year      = {2019}
}

@inproceedings{Hanna2017,
  author    = {Josiah Hanna and Peter Stone},
  title     = {Grounded Action Transformation for Robot Learning in Simulation},
  booktitle = {Proceedings of the AAAI Conference on Artificial Intelligence, 31(1)},
  year      = {2017}
}

@inproceedings{Desai2020,
  author    = {Manali Desai and Alex Walsh and Alexander Quillen and Kyunghyun Choi},
  title     = {Stochastic Grounded Action Transformation for Sim-to-Real Transfer},
  booktitle = {Proceedings of the IEEE/RSJ International Conference on Intelligent Robots and Systems (IROS)},
  year      = {2020}
}

@inproceedings{Karnan2020,
  author    = {Haresh Karnan and Siddharth Desai and Josiah P. Hanna and Garrett Warnell and Peter Stone},
  title     = {Reinforced Grounded Action Transformation for Sim-to-Real Transfer},
  booktitle = {Proceedings of the IEEE/RSJ International Conference on Intelligent Robots and Systems (IROS)},
  year      = {2020}
}

@inproceedings{Tzeng2017,
  author    = {Eric Tzeng and Judy Hoffman and Kate Saenko and Trevor Darrell},
  title     = {Adversarial Discriminative Domain Adaptation},
  booktitle = {Proceedings of the IEEE Conference on Computer Vision and Pattern Recognition (CVPR)},
  year      = {2017}
}

@inproceedings{Eysenbach2021,
 author     = {Eysenbach, Ben and Levine, Sergey and Salakhutdinov, Russ R},
 title      = {Replacing Rewards with Examples: Example-Based Policy Search via Recursive Classification},
 booktitle  = {Advances in Neural Information Processing Systems},
 year       = {2021}
}

@article{Sharma2022,
  title     = {State-Only Imitation Learning from Observations via Latent Space Classification},
  author    = {Sharma, Abhinav and Kalashnikov, Dmitry and Levine, Sergey},
  journal   = {Conference on Robot Learning (CoRL)},
  year      = {2022}
}

@inproceedings{Ng2000,
  title     = {Algorithms for inverse reinforcement learning},
  author    = {Ng, Andrew Y and Russell, Stuart J},
  booktitle = {International Conference on Machine Learning (ICML)},
  year      = {2000}
}

@inproceedings{Fu2018,
  title     = {Learning robust rewards with adversarial inverse reinforcement learning},
  author    = {Fu, Justin and Luo, Katie and Levine, Sergey},
  booktitle = {International Conference on Learning Representations (ICLR)},
  year      = {2018}
}

@inproceedings{Brown2019,
  title     = {Extrapolating beyond suboptimal demonstrations via inverse reinforcement learning from observations},
  author    = {Brown, Daniel S and Goo, Willem and Nagarajan, Prabhat and Niekum, Scott},
  booktitle = {Proceedings of the 36th International Conference on Machine Learning},
  year      = {2019}
}

@article{Lee2021,
  title     = {PEBBLE: Feedback-efficient interactive reinforcement learning via relabeling experience and unsupervised pre-training},
  author    = {Kimin Lee and Laura Smith and Pieter Abbeel},
  url       = {https://arxiv.org/abs/2106.05091},
  journal   = {arXiv preprint arXiv:2106.05091},
  year      = {2021}
}

@article{Christiano2017,
  title     = {Deep reinforcement learning from human preferences},
  author    = {Christiano, Paul F and Leike, Jan and Brown, Tom B and Martic, Miljan and Legg, Shane and Amodei, Dario},
  journal   = {Advances in neural information processing systems},
  volume    = {30},
  year      = {2017}
}

@article{Warnell2017,
  title     = {Deep TAMER: Interactive agent shaping in high-dimensional state spaces},
  author    = {Warnell, Garrett and Waytowich, Nicholas and Lawhern, Vernon and Stone, Peter},
  journal   = {arXiv preprint arXiv:1709.10163},
  year      = {2017}
}

@inproceedings{Ze2023,
  author    = {Yanjie Ze and Nicklas Hansen and Yinbo Chen and Mohit Jain and Xiaolong Wang},
  title     = {Visual Reinforcement Learning with Self-Supervised 3D Representations},
  booktitle = {Proceedings of the IEEE Robotics and Automation Letters, 8(5)},
  year      = {2023},
}
